%YAML 1.1
%TAG !u! tag:unity3d.com,2011:
--- !u!1 &4982371806483510859
GameObject:
  m_ObjectHideFlags: 0
  m_CorrespondingSourceObject: {fileID: 0}
  m_PrefabInstance: {fileID: 0}
  m_PrefabAsset: {fileID: 0}
  serializedVersion: 6
  m_Component:
  - component: {fileID: 4982371806483510871}
  - component: {fileID: 4982371806483510870}
  - component: {fileID: 4982371806483510857}
  - component: {fileID: 4982371806483510856}
  m_Layer: 0
  m_Name: outside floor
  m_TagString: Untagged
  m_Icon: {fileID: 0}
  m_NavMeshLayer: 0
  m_StaticEditorFlags: 2147483647
  m_IsActive: 1
--- !u!4 &4982371806483510871
Transform:
  m_ObjectHideFlags: 0
  m_CorrespondingSourceObject: {fileID: 0}
  m_PrefabInstance: {fileID: 0}
  m_PrefabAsset: {fileID: 0}
  m_GameObject: {fileID: 4982371806483510859}
  m_LocalRotation: {x: -0, y: -0, z: -0, w: 1}
  m_LocalPosition: {x: -16.346272, y: 1.8185155, z: 2.0156054}
  m_LocalScale: {x: 10, y: 0.1, z: 10}
  m_ConstrainProportionsScale: 0
  m_Children: []
  m_Father: {fileID: 4982371808062604494}
  m_RootOrder: 4
  m_LocalEulerAnglesHint: {x: 0, y: 0, z: 0}
--- !u!33 &4982371806483510870
MeshFilter:
  m_ObjectHideFlags: 0
  m_CorrespondingSourceObject: {fileID: 0}
  m_PrefabInstance: {fileID: 0}
  m_PrefabAsset: {fileID: 0}
  m_GameObject: {fileID: 4982371806483510859}
  m_Mesh: {fileID: 10202, guid: 0000000000000000e000000000000000, type: 0}
--- !u!23 &4982371806483510857
MeshRenderer:
  m_ObjectHideFlags: 0
  m_CorrespondingSourceObject: {fileID: 0}
  m_PrefabInstance: {fileID: 0}
  m_PrefabAsset: {fileID: 0}
  m_GameObject: {fileID: 4982371806483510859}
  m_Enabled: 1
  m_CastShadows: 1
  m_ReceiveShadows: 1
  m_DynamicOccludee: 1
  m_StaticShadowCaster: 0
  m_MotionVectors: 1
  m_LightProbeUsage: 1
  m_ReflectionProbeUsage: 1
  m_RayTracingMode: 2
  m_RayTraceProcedural: 0
  m_RenderingLayerMask: 1
  m_RendererPriority: 0
  m_Materials:
  - {fileID: 2100000, guid: 1a67c7438713bbb45af70bf39e6bf737, type: 2}
  m_StaticBatchInfo:
    firstSubMesh: 0
    subMeshCount: 0
  m_StaticBatchRoot: {fileID: 0}
  m_ProbeAnchor: {fileID: 0}
  m_LightProbeVolumeOverride: {fileID: 0}
  m_ScaleInLightmap: 1
  m_ReceiveGI: 1
  m_PreserveUVs: 0
  m_IgnoreNormalsForChartDetection: 0
  m_ImportantGI: 0
  m_StitchLightmapSeams: 1
  m_SelectedEditorRenderState: 3
  m_MinimumChartSize: 4
  m_AutoUVMaxDistance: 0.5
  m_AutoUVMaxAngle: 89
  m_LightmapParameters: {fileID: 0}
  m_SortingLayerID: 0
  m_SortingLayer: 0
  m_SortingOrder: 0
  m_AdditionalVertexStreams: {fileID: 0}
--- !u!65 &4982371806483510856
BoxCollider:
  m_ObjectHideFlags: 0
  m_CorrespondingSourceObject: {fileID: 0}
  m_PrefabInstance: {fileID: 0}
  m_PrefabAsset: {fileID: 0}
  m_GameObject: {fileID: 4982371806483510859}
  m_Material: {fileID: 0}
  m_IsTrigger: 0
  m_Enabled: 1
  serializedVersion: 2
  m_Size: {x: 1, y: 1, z: 1}
  m_Center: {x: 0, y: 0, z: 0}
--- !u!1 &4982371807811212364
GameObject:
  m_ObjectHideFlags: 0
  m_CorrespondingSourceObject: {fileID: 0}
  m_PrefabInstance: {fileID: 0}
  m_PrefabAsset: {fileID: 0}
  serializedVersion: 6
  m_Component:
  - component: {fileID: 4982371807811212363}
  - component: {fileID: 4982371807811212362}
  - component: {fileID: 4982371807811212365}
  m_Layer: 0
  m_Name: Directional Light
  m_TagString: Untagged
  m_Icon: {fileID: 0}
  m_NavMeshLayer: 0
  m_StaticEditorFlags: 0
  m_IsActive: 1
--- !u!4 &4982371807811212363
Transform:
  m_ObjectHideFlags: 0
  m_CorrespondingSourceObject: {fileID: 0}
  m_PrefabInstance: {fileID: 0}
  m_PrefabAsset: {fileID: 0}
  m_GameObject: {fileID: 4982371807811212364}
  m_LocalRotation: {x: -0, y: 0.6818208, z: -0, w: 0.7315192}
  m_LocalPosition: {x: -1.6684003, y: 23.318516, z: -9.194395}
  m_LocalScale: {x: 1, y: 1, z: 1}
  m_ConstrainProportionsScale: 0
  m_Children: []
  m_Father: {fileID: 4982371808062604494}
  m_RootOrder: 2
  m_LocalEulerAnglesHint: {x: 0, y: 85.972, z: 0}
--- !u!108 &4982371807811212362
Light:
  m_ObjectHideFlags: 0
  m_CorrespondingSourceObject: {fileID: 0}
  m_PrefabInstance: {fileID: 0}
  m_PrefabAsset: {fileID: 0}
  m_GameObject: {fileID: 4982371807811212364}
  m_Enabled: 1
  serializedVersion: 10
  m_Type: 1
  m_Shape: 0
  m_Color: {r: 1, g: 1, b: 1, a: 1}
  m_Intensity: 1
  m_Range: 10
  m_SpotAngle: 30
  m_InnerSpotAngle: 21.80208
  m_CookieSize: 10
  m_Shadows:
    m_Type: 0
    m_Resolution: -1
    m_CustomResolution: -1
    m_Strength: 1
    m_Bias: 0.05
    m_NormalBias: 0.4
    m_NearPlane: 0.2
    m_CullingMatrixOverride:
      e00: 1
      e01: 0
      e02: 0
      e03: 0
      e10: 0
      e11: 1
      e12: 0
      e13: 0
      e20: 0
      e21: 0
      e22: 1
      e23: 0
      e30: 0
      e31: 0
      e32: 0
      e33: 1
    m_UseCullingMatrixOverride: 0
  m_Cookie: {fileID: 0}
  m_DrawHalo: 0
  m_Flare: {fileID: 0}
  m_RenderMode: 0
  m_CullingMask:
    serializedVersion: 2
    m_Bits: 4294967295
  m_RenderingLayerMask: 1
  m_Lightmapping: 4
  m_LightShadowCasterMode: 0
  m_AreaSize: {x: 1, y: 1}
  m_BounceIntensity: 1
  m_ColorTemperature: 6570
  m_UseColorTemperature: 0
  m_BoundingSphereOverride: {x: 0, y: 0, z: 0, w: 0}
  m_UseBoundingSphereOverride: 0
  m_UseViewFrustumForShadowCasterCull: 1
  m_ShadowRadius: 0
  m_ShadowAngle: 0
--- !u!114 &4982371807811212365
MonoBehaviour:
  m_ObjectHideFlags: 0
  m_CorrespondingSourceObject: {fileID: 0}
  m_PrefabInstance: {fileID: 0}
  m_PrefabAsset: {fileID: 0}
  m_GameObject: {fileID: 4982371807811212364}
  m_Enabled: 1
  m_EditorHideFlags: 0
  m_Script: {fileID: 11500000, guid: 474bcb49853aa07438625e644c072ee6, type: 3}
  m_Name: 
  m_EditorClassIdentifier: 
  m_Version: 1
  m_UsePipelineSettings: 1
  m_AdditionalLightsShadowResolutionTier: 2
  m_LightLayerMask: 1
  m_CustomShadowLayers: 0
  m_ShadowLayerMask: 1
  m_LightCookieSize: {x: 1, y: 1}
  m_LightCookieOffset: {x: 0, y: 0}
--- !u!1 &4982371808062604481
GameObject:
  m_ObjectHideFlags: 0
  m_CorrespondingSourceObject: {fileID: 0}
  m_PrefabInstance: {fileID: 0}
  m_PrefabAsset: {fileID: 0}
  serializedVersion: 6
  m_Component:
  - component: {fileID: 4982371808062604494}
  m_Layer: 0
  m_Name: Scared of dark
  m_TagString: Untagged
  m_Icon: {fileID: 0}
  m_NavMeshLayer: 0
  m_StaticEditorFlags: 0
  m_IsActive: 1
--- !u!4 &4982371808062604494
Transform:
  m_ObjectHideFlags: 0
  m_CorrespondingSourceObject: {fileID: 0}
  m_PrefabInstance: {fileID: 0}
  m_PrefabAsset: {fileID: 0}
  m_GameObject: {fileID: 4982371808062604481}
  m_LocalRotation: {x: 0, y: 0, z: 0, w: 1}
  m_LocalPosition: {x: 6.446273, y: -1.8185155, z: -2.0156054}
  m_LocalScale: {x: 1, y: 1, z: 1}
  m_ConstrainProportionsScale: 0
  m_Children:
  - {fileID: 561654098582362806}
  - {fileID: 5479636650940689218}
  - {fileID: 4982371807811212363}
  - {fileID: 2598133878995735988}
  - {fileID: 4982371806483510871}
  m_Father: {fileID: 0}
  m_RootOrder: 0
  m_LocalEulerAnglesHint: {x: 0, y: 0, z: 0}
--- !u!1001 &4982371807521262651
PrefabInstance:
  m_ObjectHideFlags: 0
  serializedVersion: 2
  m_Modification:
    m_TransformParent: {fileID: 4982371808062604494}
    m_Modifications:
    - target: {fileID: 4141177948096949003, guid: 2312831305b274d4596655adee06f1c1, type: 3}
      propertyPath: m_Intensity
      value: 5
      objectReference: {fileID: 0}
    - target: {fileID: 7001580358760864143, guid: 2312831305b274d4596655adee06f1c1, type: 3}
      propertyPath: m_RootOrder
      value: 3
      objectReference: {fileID: 0}
    - target: {fileID: 7001580358760864143, guid: 2312831305b274d4596655adee06f1c1, type: 3}
      propertyPath: m_LocalScale.x
      value: 1
      objectReference: {fileID: 0}
    - target: {fileID: 7001580358760864143, guid: 2312831305b274d4596655adee06f1c1, type: 3}
      propertyPath: m_LocalScale.y
      value: 1
      objectReference: {fileID: 0}
    - target: {fileID: 7001580358760864143, guid: 2312831305b274d4596655adee06f1c1, type: 3}
      propertyPath: m_LocalScale.z
      value: 1
      objectReference: {fileID: 0}
    - target: {fileID: 7001580358760864143, guid: 2312831305b274d4596655adee06f1c1, type: 3}
      propertyPath: m_LocalPosition.x
      value: -16.346272
      objectReference: {fileID: 0}
    - target: {fileID: 7001580358760864143, guid: 2312831305b274d4596655adee06f1c1, type: 3}
      propertyPath: m_LocalPosition.y
      value: 5.3485155
      objectReference: {fileID: 0}
    - target: {fileID: 7001580358760864143, guid: 2312831305b274d4596655adee06f1c1, type: 3}
      propertyPath: m_LocalPosition.z
      value: 2.0156054
      objectReference: {fileID: 0}
    - target: {fileID: 7001580358760864143, guid: 2312831305b274d4596655adee06f1c1, type: 3}
      propertyPath: m_LocalRotation.w
      value: 1
      objectReference: {fileID: 0}
    - target: {fileID: 7001580358760864143, guid: 2312831305b274d4596655adee06f1c1, type: 3}
      propertyPath: m_LocalRotation.x
      value: -0
      objectReference: {fileID: 0}
    - target: {fileID: 7001580358760864143, guid: 2312831305b274d4596655adee06f1c1, type: 3}
      propertyPath: m_LocalRotation.y
      value: -0
      objectReference: {fileID: 0}
    - target: {fileID: 7001580358760864143, guid: 2312831305b274d4596655adee06f1c1, type: 3}
      propertyPath: m_LocalRotation.z
      value: -0
      objectReference: {fileID: 0}
    - target: {fileID: 7001580358760864143, guid: 2312831305b274d4596655adee06f1c1, type: 3}
      propertyPath: m_LocalEulerAnglesHint.x
      value: 0
      objectReference: {fileID: 0}
    - target: {fileID: 7001580358760864143, guid: 2312831305b274d4596655adee06f1c1, type: 3}
      propertyPath: m_LocalEulerAnglesHint.y
      value: 0
      objectReference: {fileID: 0}
    - target: {fileID: 7001580358760864143, guid: 2312831305b274d4596655adee06f1c1, type: 3}
      propertyPath: m_LocalEulerAnglesHint.z
      value: 0
      objectReference: {fileID: 0}
    - target: {fileID: 7665492226901492533, guid: 2312831305b274d4596655adee06f1c1, type: 3}
      propertyPath: m_Name
      value: Chandelier1
      objectReference: {fileID: 0}
    m_RemovedComponents: []
  m_SourcePrefab: {fileID: 100100000, guid: 2312831305b274d4596655adee06f1c1, type: 3}
--- !u!4 &2598133878995735988 stripped
Transform:
  m_CorrespondingSourceObject: {fileID: 7001580358760864143, guid: 2312831305b274d4596655adee06f1c1, type: 3}
  m_PrefabInstance: {fileID: 4982371807521262651}
  m_PrefabAsset: {fileID: 0}
--- !u!1 &2950712728126627426 stripped
GameObject:
  m_CorrespondingSourceObject: {fileID: 7915069015273230937, guid: 2312831305b274d4596655adee06f1c1, type: 3}
  m_PrefabInstance: {fileID: 4982371807521262651}
  m_PrefabAsset: {fileID: 0}
--- !u!114 &4982371807521262649
MonoBehaviour:
  m_ObjectHideFlags: 0
  m_CorrespondingSourceObject: {fileID: 0}
  m_PrefabInstance: {fileID: 0}
  m_PrefabAsset: {fileID: 0}
  m_GameObject: {fileID: 2950712728126627426}
  m_Enabled: 1
  m_EditorHideFlags: 0
  m_Script: {fileID: 11500000, guid: 474bcb49853aa07438625e644c072ee6, type: 3}
  m_Name: 
  m_EditorClassIdentifier: 
  m_Version: 1
  m_UsePipelineSettings: 1
  m_AdditionalLightsShadowResolutionTier: 2
  m_LightLayerMask: 1
  m_CustomShadowLayers: 0
  m_ShadowLayerMask: 1
  m_LightCookieSize: {x: 1, y: 1}
  m_LightCookieOffset: {x: 0, y: 0}
--- !u!1001 &4982371807569618293
PrefabInstance:
  m_ObjectHideFlags: 0
  serializedVersion: 2
  m_Modification:
    m_TransformParent: {fileID: 4982371808062604494}
    m_Modifications:
    - target: {fileID: 172461620414125197, guid: 6c3f9c0d0842886498c74d12aed462a9, type: 3}
      propertyPath: m_Name
      value: Moon
      objectReference: {fileID: 0}
    - target: {fileID: 661857907236425271, guid: 6c3f9c0d0842886498c74d12aed462a9, type: 3}
      propertyPath: m_RootOrder
      value: 1
      objectReference: {fileID: 0}
    - target: {fileID: 661857907236425271, guid: 6c3f9c0d0842886498c74d12aed462a9, type: 3}
      propertyPath: m_LocalPosition.x
      value: 10.703727
      objectReference: {fileID: 0}
    - target: {fileID: 661857907236425271, guid: 6c3f9c0d0842886498c74d12aed462a9, type: 3}
      propertyPath: m_LocalPosition.y
      value: 4.5585155
      objectReference: {fileID: 0}
    - target: {fileID: 661857907236425271, guid: 6c3f9c0d0842886498c74d12aed462a9, type: 3}
      propertyPath: m_LocalPosition.z
      value: 2.0156054
      objectReference: {fileID: 0}
    - target: {fileID: 661857907236425271, guid: 6c3f9c0d0842886498c74d12aed462a9, type: 3}
      propertyPath: m_LocalRotation.w
      value: 1
      objectReference: {fileID: 0}
    - target: {fileID: 661857907236425271, guid: 6c3f9c0d0842886498c74d12aed462a9, type: 3}
      propertyPath: m_LocalRotation.x
      value: -0
      objectReference: {fileID: 0}
    - target: {fileID: 661857907236425271, guid: 6c3f9c0d0842886498c74d12aed462a9, type: 3}
      propertyPath: m_LocalRotation.y
      value: -0
      objectReference: {fileID: 0}
    - target: {fileID: 661857907236425271, guid: 6c3f9c0d0842886498c74d12aed462a9, type: 3}
      propertyPath: m_LocalRotation.z
      value: -0
      objectReference: {fileID: 0}
    - target: {fileID: 661857907236425271, guid: 6c3f9c0d0842886498c74d12aed462a9, type: 3}
      propertyPath: m_LocalEulerAnglesHint.x
      value: 0
      objectReference: {fileID: 0}
    - target: {fileID: 661857907236425271, guid: 6c3f9c0d0842886498c74d12aed462a9, type: 3}
      propertyPath: m_LocalEulerAnglesHint.y
      value: 0
      objectReference: {fileID: 0}
    - target: {fileID: 661857907236425271, guid: 6c3f9c0d0842886498c74d12aed462a9, type: 3}
      propertyPath: m_LocalEulerAnglesHint.z
      value: 0
      objectReference: {fileID: 0}
    m_RemovedComponents: []
  m_SourcePrefab: {fileID: 100100000, guid: 6c3f9c0d0842886498c74d12aed462a9, type: 3}
--- !u!4 &5479636650940689218 stripped
Transform:
  m_CorrespondingSourceObject: {fileID: 661857907236425271, guid: 6c3f9c0d0842886498c74d12aed462a9, type: 3}
  m_PrefabInstance: {fileID: 4982371807569618293}
  m_PrefabAsset: {fileID: 0}
--- !u!1001 &4982371807766340548
PrefabInstance:
  m_ObjectHideFlags: 0
  serializedVersion: 2
  m_Modification:
    m_TransformParent: {fileID: 4982371808062604494}
    m_Modifications:
    - target: {fileID: 4823238307547822450, guid: af130a8e5bb4e4543b308560635ec9bb, type: 3}
      propertyPath: m_RootOrder
      value: 0
      objectReference: {fileID: 0}
    - target: {fileID: 4823238307547822450, guid: af130a8e5bb4e4543b308560635ec9bb, type: 3}
      propertyPath: m_LocalPosition.x
      value: -15.853223
      objectReference: {fileID: 0}
    - target: {fileID: 4823238307547822450, guid: af130a8e5bb4e4543b308560635ec9bb, type: 3}
      propertyPath: m_LocalPosition.y
      value: 1.8685155
      objectReference: {fileID: 0}
    - target: {fileID: 4823238307547822450, guid: af130a8e5bb4e4543b308560635ec9bb, type: 3}
      propertyPath: m_LocalPosition.z
      value: 2.64705
      objectReference: {fileID: 0}
    - target: {fileID: 4823238307547822450, guid: af130a8e5bb4e4543b308560635ec9bb, type: 3}
      propertyPath: m_LocalRotation.w
      value: 0.96751946
      objectReference: {fileID: 0}
    - target: {fileID: 4823238307547822450, guid: af130a8e5bb4e4543b308560635ec9bb, type: 3}
      propertyPath: m_LocalRotation.x
      value: -0
      objectReference: {fileID: 0}
    - target: {fileID: 4823238307547822450, guid: af130a8e5bb4e4543b308560635ec9bb, type: 3}
      propertyPath: m_LocalRotation.y
      value: 0.2527966
      objectReference: {fileID: 0}
    - target: {fileID: 4823238307547822450, guid: af130a8e5bb4e4543b308560635ec9bb, type: 3}
      propertyPath: m_LocalRotation.z
      value: -0
      objectReference: {fileID: 0}
    - target: {fileID: 4823238307547822450, guid: af130a8e5bb4e4543b308560635ec9bb, type: 3}
      propertyPath: m_LocalEulerAnglesHint.x
      value: 0
      objectReference: {fileID: 0}
    - target: {fileID: 4823238307547822450, guid: af130a8e5bb4e4543b308560635ec9bb, type: 3}
      propertyPath: m_LocalEulerAnglesHint.y
      value: 29.286
      objectReference: {fileID: 0}
    - target: {fileID: 4823238307547822450, guid: af130a8e5bb4e4543b308560635ec9bb, type: 3}
      propertyPath: m_LocalEulerAnglesHint.z
      value: 0
      objectReference: {fileID: 0}
    - target: {fileID: 5306442141189399496, guid: af130a8e5bb4e4543b308560635ec9bb, type: 3}
      propertyPath: m_Name
      value: Chair
      objectReference: {fileID: 0}
    m_RemovedComponents: []
  m_SourcePrefab: {fileID: 100100000, guid: af130a8e5bb4e4543b308560635ec9bb, type: 3}
--- !u!4 &561654098582362806 stripped
Transform:
  m_CorrespondingSourceObject: {fileID: 4823238307547822450, guid: af130a8e5bb4e4543b308560635ec9bb, type: 3}
  m_PrefabInstance: {fileID: 4982371807766340548}
  m_PrefabAsset: {fileID: 0}
